@ARTICLE{struktury,
  author = {Nikolov, Ivan},
  year = {2022},
  title = {Neighborhood Analysis, KD-Trees, and Octrees for Meshes and Point Clouds in Python},
  journaltitle = {Towards Data Science},
  urldate ={2023-12-24},
  url = {https://towardsdatascience.com/neighborhood-analysis-kd-trees-and-octrees-for-meshes-and-point-clouds-in-python-19fa96527b77}, 
  langid = {english}
}

@ARTICLE{voxel_grid,
  author = {Yusheng Xu and Xiaohua Tong and Uwe Stilla},
  year = {2021},
  title = {Voxel-based representation of 3D point clouds: Methods, applications, and its potential use in the construction industry},
  journaltitle = {Science Direct},
  urldate ={2023-12-24},
  url = {https://www.sciencedirect.com/science/article/abs/pii/S0926580521001266}, 
  langid = {english}
}

@ARTICLE{kd_tree_new,
  author = {Yixi Cai and Wei Xu and Fu Zhang},
  year = {2021},
  title = {ikd-Tree: An Incremental K-D Tree for Robotic Applications},
  urldate ={2023-12-25},
  url = {https://arxiv.org/pdf/2102.10808.pdf}, 
  langid = {english}
}

@ARTICLE{kd_tree_old,
  author = {Jon Louis Bentley},
  year = {1975},
  title = {Multidimensional Binary Search Trees Used for Associative Searching},
  urldate ={2023-12-25},
  url = {https://dl.acm.org/doi/pdf/10.1145/361002.361007}, 
  langid = {english}
}

@article{kd_tree,
author = {Anzola, John and Tarazona, Giovanny and Espada, Jordán and Gonzalez Crespo, Ruben},
year = {2018},
month = {09},
pages = {1-25},
title = {A Clustering WSN Routing Protocol Based on k-d Tree Algorithm},
volume = {18},
journal = {Sensors},
doi = {10.3390/s18092899}
}

@article{oct_tree,
title = {One billion points in the cloud – an octree for efficient processing of 3D laser scans},
journal = {ISPRS Journal of Photogrammetry and Remote Sensing},
volume = {76},
pages = {76-88},
year = {2013},
note = {Terrestrial 3D modelling},
issn = {0924-2716},
doi = {https://doi.org/10.1016/j.isprsjprs.2012.10.004},
url = {https://www.sciencedirect.com/science/article/pii/S0924271612001888},
author = {Jan Elseberg and Dorit Borrmann and Andreas Nüchter},
}

@ONLINE{oct_tree_img,
title = {PCL/OpenNI tutorial 2: Cloud processing (basic)},
url = {https://robotica.unileon.es/index.php?title=File:Octree.png},
urldate = {2023-12-26}
}

@article{point_cloud_filtering,
title = {A review of algorithms for filtering the 3D point cloud},
journal = {Signal Processing: Image Communication},
volume = {57},
pages = {103-112},
year = {2017},
issn = {0923-5965},
doi = {https://doi.org/10.1016/j.image.2017.05.009},
url = {https://www.sciencedirect.com/science/article/pii/S0923596517300930},
author = {Xian-Feng Han and Jesse S. Jin and Ming-Jie Wang and Wei Jiang and Lei Gao and Liping Xiao},
}

@article{sor_filter,
title = {Fast Statistical Outlier Removal Based Method for Large 3D Point Clouds of Outdoor Environments},
journal = {IFAC-PapersOnLine},
volume = {51},
number = {22},
pages = {348-353},
year = {2018},
note = {12th IFAC Symposium on Robot Control SYROCO 2018},
issn = {2405-8963},
doi = {https://doi.org/10.1016/j.ifacol.2018.11.566},
url = {https://www.sciencedirect.com/science/article/pii/S2405896318332725},
author = {Haris Balta and Jasmin Velagic and Walter Bosschaerts and Geert {De Cubber} and Bruno Siciliano},
}

@article{statistical_filter,
title = {STATISTICAL OUTLIER DETECTION METHOD FOR AIRBORNE LIDAR DATA},
year = {2018},
url = {https://d-nb.info/1167928644/34},
author = {A. C. Carrilho and M. Galo and R. C. dos Santos},
}

@ONLINE{SOR_img,
title = {Removing outliers using a StatisticalOutlierRemoval filter},
url = {https://pcl.readthedocs.io/projects/tutorials/en/latest/statistical_outlier.html},
urldate = {2023-12-27}
}

@article{downsample_img,
title = {Detekcia známych objektov v mračne bodov a ich filtrácia : diplomová práca. Bratislava : STU},
author = {Alexander Polťák},
year = {2023},
}

@INPROCEEDINGS{adaptive_downsampling_neighborhood,
  author={Lin, Yun-Jou and Benziger, Ronald R and Habib, Ayman}, 
  title={Planar-Based Adaptive Down-Sampling of Point Clouds}, 
  journal = {American Society for Photogrammetry and Remote Sensing},
  year={2016},
  doi={https://doi.org/10.14358/PERS.82.12.955}
  }

@INPROCEEDINGS{segmetation_survey,
  author={Nguyen, Anh and Le, Bac},
  booktitle={2013 6th IEEE Conference on Robotics, Automation and Mechatronics (RAM)}, 
  title={3D point cloud segmentation: A survey}, 
  year={2013},
  volume={},
  number={},
  pages={225-230},
  doi={10.1109/RAM.2013.6758588}
}

@article{ransac,
author = {Schnabel, R. and Wahl, R. and Klein, R.},
title = {Efficient RANSAC for Point-Cloud Shape Detection},
journal = {Computer Graphics Forum},
volume = {26},
number = {2},
pages = {214-226},
doi = {https://doi.org/10.1111/j.1467-8659.2007.01016.x},
year = {2007}
}

@inproceedings{graph_based,
  title={Graph-based segmentation for colored 3D laser point clouds},
  author={Strom, Johannes and Richardson, Andrew and Olson, Edwin},
  booktitle={2010 IEEE/RSJ international conference on intelligent robots and systems},
  pages={2131--2136},
  year={2010},
  organization={IEEE}
}

@inproceedings{DBSCAN_original,
  title={A density-based algorithm for discovering clusters in large spatial databases with noise},
  author={Ester, Martin and Kriegel, Hans-Peter and Sander, J{\"o}rg and Xu, Xiaowei and others},
  booktitle={kdd},
  volume={96},
  number={34},
  pages={226--231},
  year={1996}
}

@ONLINE{DBSCANvsKmeans,
title = {Understanding DBSCAN Algorithm and Implementation from Scratch},
journal = {Towards Data Science},
url = {https://towardsdatascience.com/understanding-dbscan-algorithm-and-implementation-from-scratch-c256289479c5},
urldate = {2023-12-31}
}

@article{K-means,
title = {K-means clustering algorithms: A comprehensive review, variants analysis, and advances in the era of big data},
journal = {Information Sciences},
volume = {622},
pages = {178-210},
year = {2023},
issn = {0020-0255},
doi = {https://doi.org/10.1016/j.ins.2022.11.139},
author = {Abiodun M. Ikotun and Absalom E. Ezugwu and Laith Abualigah and Belal Abuhaija and Jia Heming},
}

@article{RANSAC_original,
  title={Random sample consensus: a paradigm for model fitting with applications to image analysis and automated cartography},
  author={Fischler, Martin A and Bolles, Robert C},
  journal={Communications of the ACM},
  volume={24},
  number={6},
  pages={381--395},
  year={1981},
  publisher={ACM New York, NY, USA}
}

@article{Reconstruction_general,
  title={Survey on 3D surface reconstruction},
  author={Khatamian, Alireza and Arabnia, Hamid R},
  journal={Journal of Information Processing Systems},
  volume={12},
  number={3},
  pages={338--357},
  year={2016},
  publisher={Korea Information Processing Society}
}

@ONLINE{MarchCubes_img,
title = {Marching Cubes, Explained Using Marching Squares},
url = {https://blog.42yeah.is/algorithm/2023/07/15/marching-cubes.html},
urldate = {2024-2-20}
}

@article{MarchingCubeas_origin,
author = {Lorensen, William E. and Cline, Harvey E.},
title = {Marching cubes: A high resolution 3D surface construction algorithm},
year = {1987},
issue_date = {July 1987},
publisher = {Association for Computing Machinery},
address = {New York, NY, USA},
volume = {21},
number = {4},
issn = {0097-8930},
url = {https://doi.org/10.1145/37402.37422},
doi = {10.1145/37402.37422},
journal = {SIGGRAPH Comput. Graph.},
month = {aug},
pages = {163–169},
numpages = {7}
}

@inproceedings{poisson_origin,
  title={Poisson surface reconstruction},
  author={Kazhdan, Michael and Bolitho, Matthew and Hoppe, Hugues},
  booktitle={Proceedings of the fourth Eurographics symposium on Geometry processing},
  volume={7},
  number={4},
  year={2006}
}

@ARTICLE{ball_pivot_origin,
  author={Bernardini, F. and Mittleman, J. and Rushmeier, H. and Silva, C. and Taubin, G.},
  journal={IEEE Transactions on Visualization and Computer Graphics}, 
  title={The ball-pivoting algorithm for surface reconstruction}, 
  year={1999},
  volume={5},
  number={4},
  pages={349-359},
  doi={10.1109/2945.817351}
}

@article{MLS_survey,
author = {Berger, Matthew and Tagliasacchi, Andrea and Seversky, Lee M. and Alliez, Pierre and Guennebaud, Gaël and Levine, Joshua A. and Sharf, Andrei and Silva, Claudio T.},
title = {A Survey of Surface Reconstruction from Point Clouds},
journal = {Computer Graphics Forum},
volume = {36},
number = {1},
pages = {301-329},
doi = {https://doi.org/10.1111/cgf.12802},
year = {2017}
}

@inproceedings{MPU_orig,
author = {Ohtake, Yutaka and Belyaev, Alexander and Alexa, Marc and Turk, Greg and Seidel, Hans-Peter},
title = {Multi-level partition of unity implicits},
year = {2005},
isbn = {9781450378338},
publisher = {Association for Computing Machinery},
address = {New York, NY, USA},
doi = {10.1145/1198555.1198649},
booktitle = {ACM SIGGRAPH 2005 Courses},
pages = {173–es},
location = {Los Angeles, California},
series = {SIGGRAPH '05}
}

@article{mesh_simplification,
author = {Talton, Jerry},
year = {2004},
month = {01},
pages = {},
title = {A short survey of mesh simplification algorithms}
}

@ARTICLE{morph_filter,
  author={Keqi Zhang and Shu-Ching Chen and Whitman, D. and Mei-Ling Shyu and Jianhua Yan and Chengcui Zhang},
  journal={IEEE Transactions on Geoscience and Remote Sensing}, 
  title={A progressive morphological filter for removing nonground measurements from airborne LIDAR data}, 
  year={2003},
  volume={41},
  number={4},
  pages={872-882},
  doi={10.1109/TGRS.2003.810682}
}

@ONLINE{supervoxelClustering,
title = {Clustering of Pointclouds into Supervoxels},
url = {https://pcl.readthedocs.io/projects/tutorials/en/latest/supervoxel_clustering.html},
urldate = {2024-4-7}
}

@inproceedings{CPCsegmentation,
  title={Constrained planar cuts-object partitioning for point clouds},
  author={Schoeler, Markus and Papon, Jeremie and Worgotter, Florentin},
  booktitle={Proceedings of the IEEE Conference on Computer Vision and Pattern Recognition},
  pages={5207--5215},
  year={2015}
}

